%% LaTeX2e file `references6.bib'
%% generated by the `filecontents' environment
%% from source `NLP1_project6' on 2017/11/02.
%%
@article{linzen2016assessing,
  title={Assessing the ability of LSTMs to learn syntax-sensitive dependencies},
  author={Linzen, Tal and Dupoux, Emmanuel and Goldberg, Yoav},
  journal={arXiv preprint arXiv:1611.01368},
  year={2016}
}

@article{bahdanau2016neural,
  author    = {Dzmitry Bahdanau and
               Kyunghyun Cho and
               Yoshua Bengio},
  title     = {Neural Machine Translation by Jointly Learning to Align and Translate},
  journal   = {CoRR},
  volume    = {abs/1409.0473},
  year      = {2014},
  url       = {http://arxiv.org/abs/1409.0473},
  archivePrefix = {arXiv},
  eprint    = {1409.0473},
  timestamp = {Wed, 07 Jun 2017 14:40:19 +0200},
  biburl    = {http://dblp.org/rec/bib/journals/corr/BahdanauCB14},
  bibsource = {dblp computer science bibliography, http://dblp.org}
}

@article{belinkov2017what,
  author    = {Yonatan Belinkov and
               Nadir Durrani and
               Fahim Dalvi and
               Hassan Sajjad and
               James R. Glass},
  title     = {What do Neural Machine Translation Models Learn about Morphology?},
  journal   = {CoRR},
  volume    = {abs/1704.03471},
  year      = {2017},
  url       = {http://arxiv.org/abs/1704.03471},
  archivePrefix = {arXiv},
  eprint    = {1704.03471},
  timestamp = {Wed, 07 Jun 2017 14:42:36 +0200},
  biburl    = {http://dblp.org/rec/bib/journals/corr/BelinkovDDSG17},
  bibsource = {dblp computer science bibliography, http://dblp.org}
}

@article{hupkes2017diagnostic,
  author    = {Dieuwke Hupkes and Willem Zuidema},
  title     = {Visualisation and `diagnostic classifiers reveal how recurrent and recursive neural networks process hierarchical structure},
  journal   = {JAIR},
  volume    = {abs/1409.0473},
  year      = {in submission},
  url       = {http://dieuwkehupkes.nl/research/JAIR.pdf},
}


@article{karpathy2015visualizing,
author = {Karpathy, Andrej and Johnson, Justin and Fei-Fei, Li},
journal = {International Conference on Learning Representations 2016},
pages = {1--13},
pmid = {26353135},
title = {Visualizing and understanding recurrent networks},
year = {2015}
}
