%% LaTeX2e file `references.bib'
%% generated by the `filecontents' environment
%% from source `NLP1_project5' on 2017/11/02.
%%

    @article{elman1990finding,
        author={Elman, Jeffrey L},
        journal={Cognitive science},
        number={2},
        pages={179--211},
        year={1990},
        pmid={19563812},
        publisher={Wiley Online Library},
        title={ Finding Structure in Time}},
        volume={14},
    }

    @article{linzen2016assessing,
    title={Assessing the ability of LSTMs to learn syntax-sensitive dependencies},
    author={Linzen, Tal and Dupoux, Emmanuel and Goldberg, Yoav},
    journal={arXiv preprint arXiv:1611.01368},
    year={2016}
    }
